<?xml version="1.0" encoding="UTF-8"?>
<xbrli:xbrl xmlns:xbrli="http://www.xbrl.org/2003/instance"
	xmlns:xbrll="http://www.xbrl.org/2003/linkbase"
	xmlns:xlink="http://www.w3.org/1999/xlink"
	xmlns:xsi="http://www.w3.org/2001/XMLSchema-instance"
	xmlns:gl-cor="http://www.xbrl.org/int/gl/cor/2015-03-25"
	xmlns:gl-muc="http://www.xbrl.org/int/gl/muc/2015-03-25"
	xmlns:gl-bus="http://www.xbrl.org/int/gl/bus/2015-03-25"
	xmlns:iso4217="http://www.xbrl.org/2003/iso4217"
	xmlns:iso639="http://www.xbrl.org/2005/iso639" xsi:schemaLocation="http://www.xbrl.org/taxonomy/int/gl/2015-03-25/plt/case-c-b-m/gl-plt-all-2015-03-25.xsd">
	<xbrll:schemaRef xlink:type="simple" xlink:arcrole="http://www.w3.org/1999/xlink/properties/linkbase" xlink:href="http://www.xbrl.org/taxonomy/int/gl/2015-03-25/plt/case-c-b-m/gl-plt-all-2015-03-25.xsd" />

	<!--Käesolev näide on mikroettevõtja kohta kes esitab aastaaruande koostamise jaoks vaid saldode andmesektsiooni-->
	<!-- Kontekst, mille kohta Andmestikud esitatakse, on kohustuslik. Andmestiku koostamise kuupäev ja esitaja kood-->
	<xbrli:context id="now">
		<xbrli:entity>
			<xbrli:identifier scheme="http://www.ariregister.rik.ee">11308014</xbrli:identifier>
		</xbrli:entity>
		<xbrli:period>
			<!--Andmete genereerimise kuupäev-->
			<xbrli:instant>2023-09-27</xbrli:instant>
		</xbrli:period>
	</xbrli:context>

	<!-- Mõõtühikutena vaadeldakse nii erinevaid valuutasid, kui ka kokkulepitud mõõtühikuid. Näites
	ei ole kasutatud muid ühikuid peale rahalise väärtuse eurodes -->
	<xbrli:unit id="eur">
		<xbrli:measure>iso4217:EUR</xbrli:measure>
	</xbrli:unit>
	<!-- Kuna Eestis on kokku lepitud lineNumberCounter elemendi kasutamine on vajalik kasutada
	ühikuna notUsed -->
	<xbrli:unit id="NotUsed">
		<xbrli:measure>pure</xbrli:measure>
	</xbrli:unit>

	<!-- Siit algab XBRL GL osa -->
	<gl-cor:accountingEntries>
		<!-- Kuna entriesType is nõutud siis tuleb esitada documentInfo plokk. -->
		<gl-cor:documentInfo>
			<!--Kuna Eestis andmete koosseisu kokkulepe erineb rahvusvahelistest, siis kasutatakse other-->
			<gl-cor:entriesType contextRef="now">other</gl-cor:entriesType>
			<!-- Andmestiku unikaalne id, mille peab tagama andmete esitaja, on Eestis kokku lepitud,
			et selleks on ühingu regnr + Andmestiku kuupäev + kellaaeg-->
			<gl-cor:uniqueID contextRef="now">11308014-2023-08-10T09:36:51:554</gl-cor:uniqueID>
			<gl-cor:language contextRef="now">iso639:et</gl-cor:language>
			<!--Andmestiku	koostamise kuupäev -->
			<gl-cor:creationDate contextRef="now">2023-09-27</gl-cor:creationDate>
			<gl-bus:creator contextRef="now">EE38302250123</gl-bus:creator>
			<!-- Andmestiku kuupäevade vahemik -->
			<gl-cor:periodCoveredStart contextRef="now">2022-06-15</gl-cor:periodCoveredStart>
			<gl-cor:periodCoveredEnd contextRef="now">2022-12-31</gl-cor:periodCoveredEnd>
			<!--Majandustarkvara või infosüsteemi nimetus -->
			<gl-bus:sourceApplication contextRef="now">e-arveldaja</gl-bus:sourceApplication>
			<!--Aruandluse valuuta-->
			<gl-muc:defaultCurrency contextRef="now">iso4217:eur</gl-muc:defaultCurrency>
		</gl-cor:documentInfo>

		<!-- Järgneb andmeid esitavga ühingu info plokk -->
		<gl-cor:entityInformation>
			<gl-bus:organizationIdentifiers>
				<gl-bus:organizationIdentifier contextRef="now">EE11308014</gl-bus:organizationIdentifier>
				<gl-bus:organizationDescription contextRef="now">e-äriregister</gl-bus:organizationDescription>
			</gl-bus:organizationIdentifiers>
		</gl-cor:entityInformation>

		<!--Andmestiku päis-->
		<gl-cor:entryHeader>
			<!--Äriregistrile mikroettevõtja saldode andmestiku formaadi määrab andmesektsioon EE0301010.-->
			<gl-cor:entryNumber contextRef="now">EE0301010</gl-cor:entryNumber>
			<!--Detailsed andmed ridade kaupa-->
			<gl-cor:entryDetail>
				<!-- Iga rea tunnus andmesekstiooni sees peab olema unikaalne (lineNumberCounter). -->
				<gl-cor:lineNumberCounter contextRef="now" decimals="0" unitRef="NotUsed">1</gl-cor:lineNumberCounter>
				<gl-cor:account>
					<gl-cor:accountMainID contextRef="now">101010</gl-cor:accountMainID>
				</gl-cor:account>
				<gl-cor:amount contextRef="now" decimals="2" unitRef="eur">200.00</gl-cor:amount>
				<gl-cor:debitCreditCode contextRef="now">D</gl-cor:debitCreditCode>
			</gl-cor:entryDetail>
			<gl-cor:entryDetail>
				<gl-cor:lineNumberCounter contextRef="now" decimals="0" unitRef="NotUsed">2</gl-cor:lineNumberCounter>
				<gl-cor:account>
					<gl-cor:accountMainID contextRef="now">101020</gl-cor:accountMainID>
				</gl-cor:account>
				<gl-cor:amount contextRef="now" decimals="2" unitRef="eur">11432.32</gl-cor:amount>
				<gl-cor:debitCreditCode contextRef="now">D</gl-cor:debitCreditCode>
			</gl-cor:entryDetail>
			<gl-cor:entryDetail>
				<gl-cor:lineNumberCounter contextRef="now" decimals="0" unitRef="NotUsed">3</gl-cor:lineNumberCounter>
				<gl-cor:account>
					<gl-cor:accountMainID contextRef="now">103010</gl-cor:accountMainID>
				</gl-cor:account>
				<gl-cor:amount contextRef="now" decimals="2" unitRef="eur">4400.00</gl-cor:amount>
				<gl-cor:debitCreditCode contextRef="now">D</gl-cor:debitCreditCode>
			</gl-cor:entryDetail>
			<gl-cor:entryDetail>
				<gl-cor:lineNumberCounter contextRef="now" decimals="0" unitRef="NotUsed">4</gl-cor:lineNumberCounter>
				<gl-cor:account>
					<gl-cor:accountMainID contextRef="now">103990</gl-cor:accountMainID>
				</gl-cor:account>
				<gl-cor:amount contextRef="now" decimals="2" unitRef="eur">400.00</gl-cor:amount>
				<gl-cor:debitCreditCode contextRef="now">D</gl-cor:debitCreditCode>
			</gl-cor:entryDetail>
			<gl-cor:entryDetail>
				<gl-cor:lineNumberCounter contextRef="now" decimals="0" unitRef="NotUsed">5</gl-cor:lineNumberCounter>
				<gl-cor:account>
					<gl-cor:accountMainID contextRef="now">104010</gl-cor:accountMainID>
				</gl-cor:account>
				<gl-cor:amount contextRef="now" decimals="2" unitRef="eur">60.00</gl-cor:amount>
				<gl-cor:debitCreditCode contextRef="now">D</gl-cor:debitCreditCode>
			</gl-cor:entryDetail>
			<gl-cor:entryDetail>
				<gl-cor:lineNumberCounter contextRef="now" decimals="0" unitRef="NotUsed">6</gl-cor:lineNumberCounter>
				<gl-cor:account>
					<gl-cor:accountMainID contextRef="now">106010</gl-cor:accountMainID>
				</gl-cor:account>
				<gl-cor:amount contextRef="now" decimals="2" unitRef="eur">2844.00</gl-cor:amount>
				<gl-cor:debitCreditCode contextRef="now">D</gl-cor:debitCreditCode>
			</gl-cor:entryDetail>
			<gl-cor:entryDetail>
				<gl-cor:lineNumberCounter contextRef="now" decimals="0" unitRef="NotUsed">7</gl-cor:lineNumberCounter>
				<gl-cor:account>
					<gl-cor:accountMainID contextRef="now">110011</gl-cor:accountMainID>
				</gl-cor:account>
				<gl-cor:amount contextRef="now" decimals="2" unitRef="eur">1200.00</gl-cor:amount>
				<gl-cor:debitCreditCode contextRef="now">D</gl-cor:debitCreditCode>
			</gl-cor:entryDetail>
			<gl-cor:entryDetail>
				<gl-cor:lineNumberCounter contextRef="now" decimals="0" unitRef="NotUsed">8</gl-cor:lineNumberCounter>
				<gl-cor:account>
					<gl-cor:accountMainID contextRef="now">110021</gl-cor:accountMainID>
				</gl-cor:account>
				<gl-cor:amount contextRef="now" decimals="2" unitRef="eur">300.00</gl-cor:amount>
				<gl-cor:debitCreditCode contextRef="now">C</gl-cor:debitCreditCode>
			</gl-cor:entryDetail>
			<gl-cor:entryDetail>
				<gl-cor:lineNumberCounter contextRef="now" decimals="0" unitRef="NotUsed">9</gl-cor:lineNumberCounter>
				<gl-cor:account>
					<gl-cor:accountMainID contextRef="now">212010</gl-cor:accountMainID>
				</gl-cor:account>
				<gl-cor:amount contextRef="now" decimals="2" unitRef="eur">1735.00</gl-cor:amount>
				<gl-cor:debitCreditCode contextRef="now">C</gl-cor:debitCreditCode>
			</gl-cor:entryDetail>
			<gl-cor:entryDetail>
				<gl-cor:lineNumberCounter contextRef="now" decimals="0" unitRef="NotUsed">10</gl-cor:lineNumberCounter>
				<gl-cor:account>
					<gl-cor:accountMainID contextRef="now">212020</gl-cor:accountMainID>
				</gl-cor:account>
				<gl-cor:amount contextRef="now" decimals="2" unitRef="eur">1330.00</gl-cor:amount>
				<gl-cor:debitCreditCode contextRef="now">C</gl-cor:debitCreditCode>
			</gl-cor:entryDetail>
			<gl-cor:entryDetail>
				<gl-cor:lineNumberCounter contextRef="now" decimals="0" unitRef="NotUsed">11</gl-cor:lineNumberCounter>
				<gl-cor:account>
					<gl-cor:accountMainID contextRef="now">204020</gl-cor:accountMainID>
				</gl-cor:account>
				<gl-cor:amount contextRef="now" decimals="2" unitRef="eur">400.00</gl-cor:amount>
				<gl-cor:debitCreditCode contextRef="now">C</gl-cor:debitCreditCode>
			</gl-cor:entryDetail>
			<gl-cor:entryDetail>
				<gl-cor:lineNumberCounter contextRef="now" decimals="0" unitRef="NotUsed">12</gl-cor:lineNumberCounter>
				<gl-cor:account>
					<gl-cor:accountMainID contextRef="now">204050</gl-cor:accountMainID>
				</gl-cor:account>
				<gl-cor:amount contextRef="now" decimals="2" unitRef="eur">330.10</gl-cor:amount>
				<gl-cor:debitCreditCode contextRef="now">C</gl-cor:debitCreditCode>
			</gl-cor:entryDetail>
			<gl-cor:entryDetail>
				<gl-cor:lineNumberCounter contextRef="now" decimals="0" unitRef="NotUsed">13</gl-cor:lineNumberCounter>
				<gl-cor:account>
					<gl-cor:accountMainID contextRef="now">212060</gl-cor:accountMainID>
				</gl-cor:account>
				<gl-cor:amount contextRef="now" decimals="2" unitRef="eur">10000.00</gl-cor:amount>
				<gl-cor:debitCreditCode contextRef="now">C</gl-cor:debitCreditCode>
			</gl-cor:entryDetail>
			<gl-cor:entryDetail>
				<gl-cor:lineNumberCounter contextRef="now" decimals="0" unitRef="NotUsed">14</gl-cor:lineNumberCounter>
				<gl-cor:account>
					<gl-cor:accountMainID contextRef="now">315011</gl-cor:accountMainID>
				</gl-cor:account>
				<gl-cor:amount contextRef="now" decimals="2" unitRef="eur">2500.00</gl-cor:amount>
				<gl-cor:debitCreditCode contextRef="now">C</gl-cor:debitCreditCode>
			</gl-cor:entryDetail>
			<gl-cor:entryDetail>
				<gl-cor:lineNumberCounter contextRef="now" decimals="0" unitRef="NotUsed">15</gl-cor:lineNumberCounter>
				<gl-cor:account>
					<gl-cor:accountMainID contextRef="now">317011</gl-cor:accountMainID>
				</gl-cor:account>
				<gl-cor:amount contextRef="now" decimals="2" unitRef="eur">1266.67</gl-cor:amount>
				<gl-cor:debitCreditCode contextRef="now">C</gl-cor:debitCreditCode>
			</gl-cor:entryDetail>
			<!--Müügitulu puhul tuleb anda ka tegevusala, millest tulu tekkis.-->
			<gl-cor:entryDetail>
				<gl-cor:lineNumberCounter contextRef="now" decimals="0" unitRef="NotUsed">16</gl-cor:lineNumberCounter>
				<gl-cor:account>
					<gl-cor:accountMainID contextRef="now">418012</gl-cor:accountMainID>
					<gl-cor:accountSub>
						<gl-cor:accountSubID contextRef="now">71111</gl-cor:accountSubID>		
						<gl-cor:accountSubType contextRef="now">EMTAK2025</gl-cor:accountSubType>									
					</gl-cor:accountSub>
				</gl-cor:account>
				<gl-cor:amount contextRef="now" decimals="2" unitRef="eur">12990.00</gl-cor:amount>
				<gl-cor:debitCreditCode contextRef="now">C</gl-cor:debitCreditCode>
			</gl-cor:entryDetail>
			<gl-cor:entryDetail>
				<gl-cor:lineNumberCounter contextRef="now" decimals="0" unitRef="NotUsed">17</gl-cor:lineNumberCounter>
				<gl-cor:account>
					<gl-cor:accountMainID contextRef="now">520032</gl-cor:accountMainID>
				</gl-cor:account>
				<gl-cor:amount contextRef="now" decimals="2" unitRef="eur">4000.00</gl-cor:amount>
				<gl-cor:debitCreditCode contextRef="now">D</gl-cor:debitCreditCode>
			</gl-cor:entryDetail>
			<gl-cor:entryDetail>
				<gl-cor:lineNumberCounter contextRef="now" decimals="0" unitRef="NotUsed">18</gl-cor:lineNumberCounter>
				<gl-cor:account>
					<gl-cor:accountMainID contextRef="now">520252</gl-cor:accountMainID>
				</gl-cor:account>
				<gl-cor:amount contextRef="now" decimals="2" unitRef="eur">400.00</gl-cor:amount>
				<gl-cor:debitCreditCode contextRef="now">D</gl-cor:debitCreditCode>
			</gl-cor:entryDetail>
			<gl-cor:entryDetail>
				<gl-cor:lineNumberCounter contextRef="now" decimals="0" unitRef="NotUsed">19</gl-cor:lineNumberCounter>
				<gl-cor:account>
					<gl-cor:accountMainID contextRef="now">520322</gl-cor:accountMainID>
				</gl-cor:account>
				<gl-cor:amount contextRef="now" decimals="2" unitRef="eur">1500.00</gl-cor:amount>
				<gl-cor:debitCreditCode contextRef="now">D</gl-cor:debitCreditCode>
			</gl-cor:entryDetail>
			<gl-cor:entryDetail>
				<gl-cor:lineNumberCounter contextRef="now" decimals="0" unitRef="NotUsed">20</gl-cor:lineNumberCounter>
				<gl-cor:account>
					<gl-cor:accountMainID contextRef="now">520522</gl-cor:accountMainID>
				</gl-cor:account>
				<gl-cor:amount contextRef="now" decimals="2" unitRef="eur">424.45</gl-cor:amount>
				<gl-cor:debitCreditCode contextRef="now">D</gl-cor:debitCreditCode>
			</gl-cor:entryDetail>
			<gl-cor:entryDetail>
				<gl-cor:lineNumberCounter contextRef="now" decimals="0" unitRef="NotUsed">21</gl-cor:lineNumberCounter>
				<gl-cor:account>
					<gl-cor:accountMainID contextRef="now">521012</gl-cor:accountMainID>
				</gl-cor:account>
				<gl-cor:amount contextRef="now" decimals="2" unitRef="eur">3000.00</gl-cor:amount>
				<gl-cor:debitCreditCode contextRef="now">D</gl-cor:debitCreditCode>
			</gl-cor:entryDetail>
			<gl-cor:entryDetail>
				<gl-cor:lineNumberCounter contextRef="now" decimals="0" unitRef="NotUsed">22</gl-cor:lineNumberCounter>
				<gl-cor:account>
					<gl-cor:accountMainID contextRef="now">521022</gl-cor:accountMainID>
				</gl-cor:account>
				<gl-cor:amount contextRef="now" decimals="2" unitRef="eur">990.00</gl-cor:amount>
				<gl-cor:debitCreditCode contextRef="now">D</gl-cor:debitCreditCode>
			</gl-cor:entryDetail>
			<gl-cor:entryDetail>
				<gl-cor:lineNumberCounter contextRef="now" decimals="0" unitRef="NotUsed">23</gl-cor:lineNumberCounter>
				<gl-cor:account>
					<gl-cor:accountMainID contextRef="now">520512</gl-cor:accountMainID>
				</gl-cor:account>
				<gl-cor:amount contextRef="now" decimals="2" unitRef="eur">1.00</gl-cor:amount>
				<gl-cor:debitCreditCode contextRef="now">D</gl-cor:debitCreditCode>
			</gl-cor:entryDetail>
		</gl-cor:entryHeader>
	</gl-cor:accountingEntries>
</xbrli:xbrl>